@online{S3_API,
	author = {Amazon},
	title = {Amazon Simple Storage Service - API Reference},
	date = {27.06.2023 16:48},
	url = {https://docs.aws.amazon.com/pdfs/AmazonS3/latest/API/s3-api.pdf#Type_API_Reference},
}
